@article{young2019review,
  title={A review of spiking neuromorphic hardware communication systems},
  author={Young, Aaron R and Dean, Mark E and Plank, James S and Rose, Garrett S},
  journal={IEEE Access},
  volume={7},
  pages={135606--135620},
  year={2019},
  publisher={IEEE}
}

@book{dayan2001theoretical,
	title={Theoretical neuroscience: computational and mathematical modeling of neural systems},
	author={Dayan, Peter and Abbott, Laurence F},
	year={2001},
	publisher={Computational Neuroscience Series}
}