@inproceedings{han2013approximate,
	title={Approximate computing: An emerging paradigm for energy-efficient design},
	author={Han, Jie and Orshansky, Michael},
	booktitle={2013 18th IEEE European Test Symposium (ETS)},
	pages={1--6},
	year={2013},
	organization={IEEE}
}%60

@article{mittal2016survey,
	title={A survey of techniques for approximate computing},
	author={Mittal, Sparsh},
	journal={ACM Computing Surveys (CSUR)},
	volume={48},
	number={4},
	pages={1--33},
	year={2016},
	publisher={ACM New York, NY, USA}
}

@inproceedings{venkataramani2015approximate,
	title={Approximate computing and the quest for computing efficiency},
	author={Venkataramani, Swagath and Chakradhar, Srimat T and Roy, Kaushik and Raghunathan, Anand},
	booktitle={2015 52nd ACM/EDAC/IEEE Design Automation Conference (DAC)},
	pages={1--6},
	year={2015},
	organization={IEEE}
}

