@inproceedings{nurvitadhi2017can,
  title={Can fpgas beat gpus in accelerating next-generation deep neural networks?},
  author={Nurvitadhi, Eriko and Venkatesh, Ganesh and Sim, Jaewoong and Marr, Debbie and Huang, Randy and Ong Gee Hock, Jason and Liew, Yeong Tat and Srivatsan, Krishnan and Moss, Duncan and Subhaschandra, Suchit and others},
  booktitle={Proceedings of the 2017 ACM/SIGDA International Symposium on Field-Programmable Gate Arrays},
  pages={5--14},
  year={2017}
}

@article{ovtcharov2015accelerating,
	title={Accelerating deep convolutional neural networks using specialized hardware},
	author={Ovtcharov, Kalin and Ruwase, Olatunji and Kim, Joo-Young and Fowers, Jeremy and Strauss, Karin and Chung, Eric S},
	journal={Microsoft Research Whitepaper},
	volume={2},
	number={11},
	pages={1--4},
	year={2015}
}

@inproceedings{qiu2016going,
	title={Going deeper with embedded fpga platform for convolutional neural network},
	author={Qiu, Jiantao and Wang, Jie and Yao, Song and Guo, Kaiyuan and Li, Boxun and Zhou, Erjin and Yu, Jincheng and Tang, Tianqi and Xu, Ningyi and Song, Sen and others},
	booktitle={Proceedings of the 2016 ACM/SIGDA International Symposium on Field-Programmable Gate Arrays},
	pages={26--35},
	year={2016}
}

@article{abdelouahab2018accelerating,
	title={Accelerating CNN inference on FPGAs: A survey},
	author={Abdelouahab, Kamel and Pelcat, Maxime and Serot, Jocelyn and Berry, Fran{\c{c}}ois},
	journal={arXiv preprint arXiv:1806.01683},
	year={2018}
}

@book{hassaballah2020deep,
	title={Deep learning in computer vision: principles and applications},
	author={Hassaballah, Mahmoud and Awad, Ali Ismail},
	year={2020},
	publisher={CRC Press}
}

@article{muhammad2018efficient,
	title={Efficient deep CNN-based fire detection and localization in video surveillance applications},
	author={Muhammad, Khan and Ahmad, Jamil and Lv, Zhihan and Bellavista, Paolo and Yang, Po and Baik, Sung Wook},
	journal={IEEE Transactions on Systems, Man, and Cybernetics: Systems},
	volume={49},
	number={7},
	pages={1419--1434},
	year={2018},
	publisher={IEEE}
}

@article{dhillon2020convolutional,
	title={Convolutional neural network: a review of models, methodologies and applications to object detection},
	author={Dhillon, Anamika and Verma, Gyanendra K},
	journal={Progress in Artificial Intelligence},
	volume={9},
	number={2},
	pages={85--112},
	year={2020},
	publisher={Springer}
}

@article{cass2019taking,
	title={Taking AI to the edge: Google's TPU now comes in a maker-friendly package},
	author={Cass, Stephen},
	journal={IEEE Spectrum},
	volume={56},
	number={5},
	pages={16--17},
	year={2019},
	publisher={IEEE}
}

@misc{coral2021Datasheet,
	title = {Coral. “Dev Board Datasheet.”},
	howpublished = {\url{https://coral.ai/docs/dev-board/datasheet/.}},
	note = {Accessed September 15, 2021.}
}  

@misc{coral2021Compatibility,
	title = {Coral. “TensorFlow models on the Edge TPU.”},
	howpublished = {\url{https://coral.ai/docs/edgetpu/models-intro/.}},
	note = {Accessed September 15, 2021.}
}  

@article{yazdanbakhsh2021evaluation,
	title={An evaluation of edge tpu accelerators for convolutional neural networks},
	author={Yazdanbakhsh, Amir and Seshadri, Kiran and Akin, Berkin and Laudon, James and Narayanaswami, Ravi},
	journal={arXiv preprint arXiv:2102.10423},
	year={2021}
}

@article{nevarez2021accelerating,
	title={Accelerating Spike-by-Spike Neural Networks on FPGA with Hybrid Custom Floating-Point and Logarithmic Dot-Product Approximation},
	author={Nevarez, Yarib and Rotermund, David and Pawelzik, Klaus R and Garcia-Ortiz, Alberto},
	journal={IEEE Access},
	year={2021},
	publisher={IEEE}
}

@misc{TensorFlowLibrary,
	title = {TensorFlow Lite for Microcontrollers. “Understand the C++ library.”},
	howpublished = {\url{https://www.tensorflow.org/lite/microcontrollers/library.}},
	note = {Accessed September 15, 2021.}
}

@misc{xilinx2015zynq,
title={Zynq-7000 All Programmable SoC: Technical Reference Manual},
author={Xilinx, UG585},
year={2015},
publisher={February}
}

@ARTICLE{7891946,
	author={Moini, Shayan and Alizadeh, Bijan and Emad, Mohammad and Ebrahimpour, Reza},
	journal={IEEE Transactions on Circuits and Systems II: Express Briefs},
	title={A Resource-Limited Hardware Accelerator for Convolutional Neural Networks in Embedded Vision Applications},
	year={2017},
	volume={64},
	number={10},
	pages={1217-1221},
	doi={10.1109/TCSII.2017.2690919}}

@ARTICLE{7930521,
	author={Guo, Kaiyuan and Sui, Lingzhi and Qiu, Jiantao and Yu, Jincheng and Wang, Junbin and Yao, Song and Han, Song and Wang, Yu and Yang, Huazhong},
	journal={IEEE Transactions on Computer-Aided Design of Integrated Circuits and Systems},
	title={Angel-Eye: A Complete Design Flow for Mapping CNN Onto Embedded FPGA},
	year={2018},
	volume={37},
	number={1},
	pages={35-47},
	doi={10.1109/TCAD.2017.2705069}}
